<?xml version="1.0" encoding="UTF-8"?><record xmlns="http://www.loc.gov/MARC21/slim" xmlns:cinclude="http://apache.org/cocoon/include/1.0" xmlns:zs="http://www.loc.gov/zing/srw/">
  <leader>00592nz  a2200145n  4500</leader>
  <controlfield tag="001">no2014094281</controlfield>
  <controlfield tag="003">DLC</controlfield>
  <controlfield tag="005">20140717073540.0</controlfield>
  <controlfield tag="008">140716n| azannaabn          |n aaa     c</controlfield>
  <datafield tag="010" ind1=" " ind2=" ">
    <subfield code="a">no2014094281</subfield>
  </datafield>
  <datafield tag="035" ind1=" " ind2=" ">
    <subfield code="a">(OCoLC)oca09909118</subfield>
  </datafield>
  <datafield tag="040" ind1=" " ind2=" ">
    <subfield code="a">InU</subfield>
    <subfield code="b">eng</subfield>
    <subfield code="e">rda</subfield>
    <subfield code="c">InU</subfield>
  </datafield>
  <datafield tag="100" ind1="1" ind2=" ">
    <subfield code="a">Soper, Deanna Marie</subfield>
  </datafield>
  <datafield tag="375" ind1=" " ind2=" ">
    <subfield code="a">female</subfield>
  </datafield>
  <datafield tag="670" ind1=" " ind2=" ">
    <subfield code="a">Soper, Deanna Marie. The reproductive biology of Potamopyrgus antipodarum at the organismal and cellular level, 2012:</subfield>
    <subfield code="b">PDF title page (Deanna Marie Soper; Ph.D., Department of Biology, Indiana University, 2012) vita, page 1 (Deanna M. Soper) vita, page 3 (Soper, D.M.)</subfield>
  </datafield>
</record>